%% This BibTeX bibliography file was created using BibDesk.
%% http://bibdesk.sourceforge.net/


%% Created for Max Gaedtke at 2015-03-09 15:10:05 +0100 


%% Saved with string encoding Unicode (UTF-8) 



@book{grosse2011keramische,
	Author = {Gro{\ss}e, J.F.},
	Date-Added = {2014-07-29 14:53:58 +0000},
	Date-Modified = {2015-03-09 14:10:02 +0000},
	Isbn = {9783866447226},
	Publisher = {KIT Scientific Publ.},
	Title = {{\"U}ber keramische Schw{\"a}mme als Kolonneneinbauten},
	Year = {2011},
	Bdsk-Url-1 = {http://books.google.de/books?id=xjSqBqVdiKoC}}

@article{pradipasena2007temperature,
	Author = {Pradipasena, Pasawadee and Tattiakul, Jirarat and Nakamura, Keiko and Miyawaki, Osato},
	Date-Added = {2013-11-13 07:26:16 +0000},
	Date-Modified = {2013-11-13 07:26:16 +0000},
	Journal = {Food Science and Technology Research},
	Number = {4},
	Pages = {286--290},
	Publisher = {J-STAGE},
	Title = {Temperature dependence of fraction of frozen water in solutions of glucose and its oligomers, dextrans, and potato starch},
	Volume = {13},
	Year = {2007},
	Bdsk-File-1 = {YnBsaXN0MDDUAQIDBAUGJCVYJHZlcnNpb25YJG9iamVjdHNZJGFyY2hpdmVyVCR0b3ASAAGGoKgHCBMUFRYaIVUkbnVsbNMJCgsMDxJXTlMua2V5c1pOUy5vYmplY3RzViRjbGFzc6INDoACgAOiEBGABIAFgAdccmVsYXRpdmVQYXRoWWFsaWFzRGF0YV8QWi4uLzAxIExpdGVyYXR1ci9QcmFkaXBhc2VuYSAyMDA3IC0gVGVtcGVyYXR1cmUgZGVwZW5kZW5jZSBvZiBmcmFjdGlvbiBvZiBmcm96ZW4gd2F0ZXIgLnBkZtIXCxgZV05TLmRhdGFPEQK8AAAAAAK8AAIAAAtGdXNpb25Ecml2ZQAAAAAAAAAAAAAAAAAAAADOkFy8SCsAAAAGsjIfUHJhZGlwYXNlbmEgMjAwNyAtIFQjMTBCOEJCLnBkZgAAAAAAAAAAAAAAAAAAAAAAAAAAAAAAAAAAAAAAAAAAABC4u86o6KwAAAAAAAAAAAABAAIAAAkgAAAAAAAAAAAAAAAAAAAADDAxIExpdGVyYXR1cgAQAAgAAM6QQJwAAAARAAgAAM6o2pwAAAABABwABrIyAAayMQANOrwABk0cAAYjCQAGIwgAAmRKAAIAe0Z1c2lvbkRyaXZlOlVzZXJzOgBDb3JuZWxpYToARG9jdW1lbnRzOgBTdHVkaXVtOgA3LiBTZW1lc3RlcjoAQmFjaGVsb3JhcmJlaXQ6ADAxIExpdGVyYXR1cjoAUHJhZGlwYXNlbmEgMjAwNyAtIFQjMTBCOEJCLnBkZgAADgCWAEoAUAByAGEAZABpAHAAYQBzAGUAbgBhACAAMgAwADAANwAgAC0AIABUAGUAbQBwAGUAcgBhAHQAdQByAGUAIABkAGUAcABlAG4AZABlAG4AYwBlACAAbwBmACAAZgByAGEAYwB0AGkAbwBuACAAbwBmACAAZgByAG8AegBlAG4AIAB3AGEAdABlAHIAIAAuAHAAZABmAA8AGAALAEYAdQBzAGkAbwBuAEQAcgBpAHYAZQASAJNVc2Vycy9Db3JuZWxpYS9Eb2N1bWVudHMvU3R1ZGl1bS83LiBTZW1lc3Rlci9CYWNoZWxvcmFyYmVpdC8wMSBMaXRlcmF0dXIvUHJhZGlwYXNlbmEgMjAwNyAtIFRlbXBlcmF0dXJlIGRlcGVuZGVuY2Ugb2YgZnJhY3Rpb24gb2YgZnJvemVuIHdhdGVyIC5wZGYAABMAAS8AABUAAgAP//8AAIAG0hscHR5aJGNsYXNzbmFtZVgkY2xhc3Nlc11OU011dGFibGVEYXRhox0fIFZOU0RhdGFYTlNPYmplY3TSGxwiI1xOU0RpY3Rpb25hcnmiIiBfEA9OU0tleWVkQXJjaGl2ZXLRJidUcm9vdIABAAgAEQAaACMALQAyADcAQABGAE0AVQBgAGcAagBsAG4AcQBzAHUAdwCEAI4A6wDwAPgDuAO6A78DygPTA+ED5QPsA/UD+gQHBAoEHAQfBCQAAAAAAAACAQAAAAAAAAAoAAAAAAAAAAAAAAAAAAAEJg==}}

@article{doi:10.1021/j150474a004,
	Author = {Young, Frank E. and Jones, Francis T.},
	Date-Added = {2013-11-06 13:59:13 +0000},
	Date-Modified = {2013-11-06 13:59:13 +0000},
	Doi = {10.1021/j150474a004},
	Eprint = {http://pubs.acs.org/doi/pdf/10.1021/j150474a004},
	Journal = {The Journal of Physical and Colloid Chemistry},
	Number = {9},
	Pages = {1334-1350},
	Title = {Sucrose Hydrates. The Sucrose--Water Phase Diagram.},
	Url = {http://pubs.acs.org/doi/abs/10.1021/j150474a004},
	Volume = {53},
	Year = {1949},
	Bdsk-File-1 = {YnBsaXN0MDDUAQIDBAUGJCVYJHZlcnNpb25YJG9iamVjdHNZJGFyY2hpdmVyVCR0b3ASAAGGoKgHCBMUFRYaIVUkbnVsbNMJCgsMDxJXTlMua2V5c1pOUy5vYmplY3RzViRjbGFzc6INDoACgAOiEBGABIAFgAdccmVsYXRpdmVQYXRoWWFsaWFzRGF0YW8QVAAuAC4ALwAwADEAIABMAGkAdABlAHIAYQB0AHUAcgAvAFkAbwB1AG4AZwAgADEAOQA0ADkAIAAtACAAUwB1AGMAcgBvAHMAZQAgAEgAeQBkAHIAYQB0AGUAcwAuACAAVABoAGUAIABTAHUAYwByAG8AcwBlIBMAVwBhAHQAZQByACAAUABoAGEAcwBlACAARABpAGEAZwByAGEAbQAuACAALgBwAGQAZtIXCxgZV05TLmRhdGFPEQKsAAAAAAKsAAIAAAtGdXNpb25Ecml2ZQAAAAAAAAAAAAAAAAAAAADOkFy8SCsAAAAGsjIfWW91bmcgMTk0OSAtIFN1Y3Jvc2UgI0MyNjIxLnBkZgAAAAAAAAAAAAAAAAAAAAAAAAAAAAAAAAAAAAAAAAAAAAwmIc6gCVcAAAAAAAAAAAABAAIAAAkgAAAAAAAAAAAAAAAAAAAADDAxIExpdGVyYXR1cgAQAAgAAM6QQJwAAAARAAgAAM6f+0cAAAABABwABrIyAAayMQANOrwABk0cAAYjCQAGIwgAAmRKAAIAe0Z1c2lvbkRyaXZlOlVzZXJzOgBDb3JuZWxpYToARG9jdW1lbnRzOgBTdHVkaXVtOgA3LiBTZW1lc3RlcjoAQmFjaGVsb3JhcmJlaXQ6ADAxIExpdGVyYXR1cjoAWW91bmcgMTk0OSAtIFN1Y3Jvc2UgI0MyNjIxLnBkZgAADgCKAEQAWQBvAHUAbgBnACAAMQA5ADQAOQAgAC0AIABTAHUAYwByAG8AcwBlACAASAB5AGQAcgBhAHQAZQBzAC4AIABUAGgAZQAgAFMAdQBjAHIAbwBzAGUgEwBXAGEAdABlAHIAIABQAGgAYQBzAGUAIABEAGkAYQBnAHIAYQBtAC4AIAAuAHAAZABmAA8AGAALAEYAdQBzAGkAbwBuAEQAcgBpAHYAZQASAI9Vc2Vycy9Db3JuZWxpYS9Eb2N1bWVudHMvU3R1ZGl1bS83LiBTZW1lc3Rlci9CYWNoZWxvcmFyYmVpdC8wMSBMaXRlcmF0dXIvWW91bmcgMTk0OSAtIFN1Y3Jvc2UgSHlkcmF0ZXMuIFRoZSBTdWNyb3Nl4oCTV2F0ZXIgUGhhc2UgRGlhZ3JhbS4gLnBkZgAAEwABLwAAFQACAA///wAAgAbSGxwdHlokY2xhc3NuYW1lWCRjbGFzc2VzXU5TTXV0YWJsZURhdGGjHR8gVk5TRGF0YVhOU09iamVjdNIbHCIjXE5TRGljdGlvbmFyeaIiIF8QD05TS2V5ZWRBcmNoaXZlctEmJ1Ryb290gAEACAARABoAIwAtADIANwBAAEYATQBVAGAAZwBqAGwAbgBxAHMAdQB3AIQAjgE5AT4BRgP2A/gD/QQIBBEEHwQjBCoEMwQ4BEUESARaBF0EYgAAAAAAAAIBAAAAAAAAACgAAAAAAAAAAAAAAAAAAARk},
	Bdsk-Url-1 = {http://pubs.acs.org/doi/abs/10.1021/j150474a004},
	Bdsk-Url-2 = {http://dx.doi.org/10.1021/j150474a004}}

@article{young1952d,
	Author = {Young, Frank E and Jones, Francis T and Lewis, Harold J},
	Date-Added = {2013-11-06 13:53:05 +0000},
	Date-Modified = {2013-11-06 13:53:05 +0000},
	Journal = {The Journal of Physical Chemistry},
	Number = {9},
	Pages = {1093--1096},
	Publisher = {ACS Publications},
	Title = {D-fructose--water phase diagram},
	Volume = {56},
	Year = {1952},
	Bdsk-File-1 = {YnBsaXN0MDDUAQIDBAUGJCVYJHZlcnNpb25YJG9iamVjdHNZJGFyY2hpdmVyVCR0b3ASAAGGoKgHCBMUFRYaIVUkbnVsbNMJCgsMDxJXTlMua2V5c1pOUy5vYmplY3RzViRjbGFzc6INDoACgAOiEBGABIAFgAdccmVsYXRpdmVQYXRoWWFsaWFzRGF0YV8QQS4uLzAxIExpdGVyYXR1ci9Zb3VuZyAxOTUyIC0gRC1mcnVjdG9zZS0td2F0ZXIgcGhhc2UgZGlhZ3JhbSAucGRm0hcLGBlXTlMuZGF0YU8RAnAAAAAAAnAAAgAAC0Z1c2lvbkRyaXZlAAAAAAAAAAAAAAAAAAAAAM6QXLxIKwAAAAayMh9Zb3VuZyAxOTUyIC0gRC1mcnVjdG8jQzI0QTcucGRmAAAAAAAAAAAAAAAAAAAAAAAAAAAAAAAAAAAAAAAAAAAADCSnzqAIAwAAAAAAAAAAAAEAAgAACSAAAAAAAAAAAAAAAAAAAAAMMDEgTGl0ZXJhdHVyABAACAAAzpBAnAAAABEACAAAzp/58wAAAAEAHAAGsjIABrIxAA06vAAGTRwABiMJAAYjCAACZEoAAgB7RnVzaW9uRHJpdmU6VXNlcnM6AENvcm5lbGlhOgBEb2N1bWVudHM6AFN0dWRpdW06ADcuIFNlbWVzdGVyOgBCYWNoZWxvcmFyYmVpdDoAMDEgTGl0ZXJhdHVyOgBZb3VuZyAxOTUyIC0gRC1mcnVjdG8jQzI0QTcucGRmAAAOAGQAMQBZAG8AdQBuAGcAIAAxADkANQAyACAALQAgAEQALQBmAHIAdQBjAHQAbwBzAGUALQAtAHcAYQB0AGUAcgAgAHAAaABhAHMAZQAgAGQAaQBhAGcAcgBhAG0AIAAuAHAAZABmAA8AGAALAEYAdQBzAGkAbwBuAEQAcgBpAHYAZQASAHpVc2Vycy9Db3JuZWxpYS9Eb2N1bWVudHMvU3R1ZGl1bS83LiBTZW1lc3Rlci9CYWNoZWxvcmFyYmVpdC8wMSBMaXRlcmF0dXIvWW91bmcgMTk1MiAtIEQtZnJ1Y3Rvc2UtLXdhdGVyIHBoYXNlIGRpYWdyYW0gLnBkZgATAAEvAAAVAAIAD///AACABtIbHB0eWiRjbGFzc25hbWVYJGNsYXNzZXNdTlNNdXRhYmxlRGF0YaMdHyBWTlNEYXRhWE5TT2JqZWN00hscIiNcTlNEaWN0aW9uYXJ5oiIgXxAPTlNLZXllZEFyY2hpdmVy0SYnVHJvb3SAAQAIABEAGgAjAC0AMgA3AEAARgBNAFUAYABnAGoAbABuAHEAcwB1AHcAhACOANIA1wDfA1MDVQNaA2UDbgN8A4ADhwOQA5UDogOlA7cDugO/AAAAAAAAAgEAAAAAAAAAKAAAAAAAAAAAAAAAAAAAA8E=}}

@article{young1957d,
	Author = {Young, Frank E},
	Date-Added = {2013-11-06 13:52:06 +0000},
	Date-Modified = {2013-11-06 13:52:06 +0000},
	Journal = {The Journal of Physical Chemistry},
	Number = {5},
	Pages = {616--619},
	Publisher = {ACS Publications},
	Title = {D-glucose-water phase diagram},
	Volume = {61},
	Year = {1957},
	Bdsk-File-1 = {YnBsaXN0MDDUAQIDBAUGJCVYJHZlcnNpb25YJG9iamVjdHNZJGFyY2hpdmVyVCR0b3ASAAGGoKgHCBMUFRYaIVUkbnVsbNMJCgsMDxJXTlMua2V5c1pOUy5vYmplY3RzViRjbGFzc6INDoACgAOiEBGABIAFgAdccmVsYXRpdmVQYXRoWWFsaWFzRGF0YV8QPy4uLzAxIExpdGVyYXR1ci9Zb3VuZyAxOTU3IC0gRC1nbHVjb3NlLXdhdGVyIHBoYXNlIGRpYWdyYW0gLnBkZtIXCxgZV05TLmRhdGFPEQJqAAAAAAJqAAIAAAtGdXNpb25Ecml2ZQAAAAAAAAAAAAAAAAAAAADOkFy8SCsAAAAGsjIfWW91bmcgMTk1NyAtIEQtZ2x1Y29zI0MyM0Y5LnBkZgAAAAAAAAAAAAAAAAAAAAAAAAAAAAAAAAAAAAAAAAAAAAwj+c6gBmoAAAAAAAAAAAABAAIAAAkgAAAAAAAAAAAAAAAAAAAADDAxIExpdGVyYXR1cgAQAAgAAM6QQJwAAAARAAgAAM6f+FoAAAABABwABrIyAAayMQANOrwABk0cAAYjCQAGIwgAAmRKAAIAe0Z1c2lvbkRyaXZlOlVzZXJzOgBDb3JuZWxpYToARG9jdW1lbnRzOgBTdHVkaXVtOgA3LiBTZW1lc3RlcjoAQmFjaGVsb3JhcmJlaXQ6ADAxIExpdGVyYXR1cjoAWW91bmcgMTk1NyAtIEQtZ2x1Y29zI0MyM0Y5LnBkZgAADgBgAC8AWQBvAHUAbgBnACAAMQA5ADUANwAgAC0AIABEAC0AZwBsAHUAYwBvAHMAZQAtAHcAYQB0AGUAcgAgAHAAaABhAHMAZQAgAGQAaQBhAGcAcgBhAG0AIAAuAHAAZABmAA8AGAALAEYAdQBzAGkAbwBuAEQAcgBpAHYAZQASAHhVc2Vycy9Db3JuZWxpYS9Eb2N1bWVudHMvU3R1ZGl1bS83LiBTZW1lc3Rlci9CYWNoZWxvcmFyYmVpdC8wMSBMaXRlcmF0dXIvWW91bmcgMTk1NyAtIEQtZ2x1Y29zZS13YXRlciBwaGFzZSBkaWFncmFtIC5wZGYAEwABLwAAFQACAA///wAAgAbSGxwdHlokY2xhc3NuYW1lWCRjbGFzc2VzXU5TTXV0YWJsZURhdGGjHR8gVk5TRGF0YVhOU09iamVjdNIbHCIjXE5TRGljdGlvbmFyeaIiIF8QD05TS2V5ZWRBcmNoaXZlctEmJ1Ryb290gAEACAARABoAIwAtADIANwBAAEYATQBVAGAAZwBqAGwAbgBxAHMAdQB3AIQAjgDQANUA3QNLA00DUgNdA2YDdAN4A38DiAONA5oDnQOvA7IDtwAAAAAAAAIBAAAAAAAAACgAAAAAAAAAAAAAAAAAAAO5}}

@book{tscheuschner2004grundzuge,
	Author = {Tscheuschner, Horst-Dieter},
	Date-Added = {2013-11-05 15:05:22 +0000},
	Date-Modified = {2013-11-05 15:05:22 +0000},
	Publisher = {Behr's Verlag DE},
	Title = {Grundz{\"u}ge der Lebensmitteltechnik},
	Year = {2004}}

@book{rau2013einfluss,
	Author = {Stefanie Rau},
	Date-Added = {2013-11-05 14:16:03 +0000},
	Date-Modified = {2013-11-05 14:17:04 +0000},
	Title = {Einfluss von Prozessparametern auf die rekristallisationshemmende Wirkung von Antigefrierproteinen},
	Year = {2013},
	Bdsk-File-1 = {YnBsaXN0MDDUAQIDBAUGJCVYJHZlcnNpb25YJG9iamVjdHNZJGFyY2hpdmVyVCR0b3ASAAGGoKgHCBMUFRYaIVUkbnVsbNMJCgsMDxJXTlMua2V5c1pOUy5vYmplY3RzViRjbGFzc6INDoACgAOiEBGABIAFgAdccmVsYXRpdmVQYXRoWWFsaWFzRGF0YV8Qgi4uLzAxIExpdGVyYXR1ci9SYXUgMjAxMyAtIEVpbmZsdXNzIHZvbiBQcm96ZXNzcGFyYW1ldGVybiBhdWYgZGllIHJla3Jpc3RhbGxpc2F0aW9uc2hlbW1lbmRlIFdpcmt1bmcgdm9uIEFudGlnZWZyaWVycHJvdGVpbmVuIC5wZGbSFwsYGVdOUy5kYXRhTxEDNAAAAAADNAACAAALRnVzaW9uRHJpdmUAAAAAAAAAAAAAAAAAAAAAzpBcvEgrAAAABrIyH1JhdSAyMDEzIC0gRWluZmx1c3MgdiNCRDMwQi5wZGYAAAAAAAAAAAAAAAAAAAAAAAAAAAAAAAAAAAAAAAAAAAAL0wvOnrppAAAAAAAAAAAAAQACAAAJIAAAAAAAAAAAAAAAAAAAAAwwMSBMaXRlcmF0dXIAEAAIAADOkECcAAAAEQAIAADOnqxZAAAAAQAcAAayMgAGsjEADTq8AAZNHAAGIwkABiMIAAJkSgACAHtGdXNpb25Ecml2ZTpVc2VyczoAQ29ybmVsaWE6AERvY3VtZW50czoAU3R1ZGl1bToANy4gU2VtZXN0ZXI6AEJhY2hlbG9yYXJiZWl0OgAwMSBMaXRlcmF0dXI6AFJhdSAyMDEzIC0gRWluZmx1c3MgdiNCRDMwQi5wZGYAAA4A5gByAFIAYQB1ACAAMgAwADEAMwAgAC0AIABFAGkAbgBmAGwAdQBzAHMAIAB2AG8AbgAgAFAAcgBvAHoAZQBzAHMAcABhAHIAYQBtAGUAdABlAHIAbgAgAGEAdQBmACAAZABpAGUAIAByAGUAawByAGkAcwB0AGEAbABsAGkAcwBhAHQAaQBvAG4AcwBoAGUAbQBtAGUAbgBkAGUAIABXAGkAcgBrAHUAbgBnACAAdgBvAG4AIABBAG4AdABpAGcAZQBmAHIAaQBlAHIAcAByAG8AdABlAGkAbgBlAG4AIAAuAHAAZABmAA8AGAALAEYAdQBzAGkAbwBuAEQAcgBpAHYAZQASALtVc2Vycy9Db3JuZWxpYS9Eb2N1bWVudHMvU3R1ZGl1bS83LiBTZW1lc3Rlci9CYWNoZWxvcmFyYmVpdC8wMSBMaXRlcmF0dXIvUmF1IDIwMTMgLSBFaW5mbHVzcyB2b24gUHJvemVzc3BhcmFtZXRlcm4gYXVmIGRpZSByZWtyaXN0YWxsaXNhdGlvbnNoZW1tZW5kZSBXaXJrdW5nIHZvbiBBbnRpZ2VmcmllcnByb3RlaW5lbiAucGRmAAATAAEvAAAVAAIAD///AACABtIbHB0eWiRjbGFzc25hbWVYJGNsYXNzZXNdTlNNdXRhYmxlRGF0YaMdHyBWTlNEYXRhWE5TT2JqZWN00hscIiNcTlNEaWN0aW9uYXJ5oiIgXxAPTlNLZXllZEFyY2hpdmVy0SYnVHJvb3SAAQAIABEAGgAjAC0AMgA3AEAARgBNAFUAYABnAGoAbABuAHEAcwB1AHcAhACOARMBGAEgBFgEWgRfBGoEcwSBBIUEjASVBJoEpwSqBLwEvwTEAAAAAAAAAgEAAAAAAAAAKAAAAAAAAAAAAAAAAAAABMY=}}

@article{jain2009effect,
	Author = {Jain, Nishant Kumar and Roy, Ipsita},
	Date-Added = {2013-11-05 09:36:30 +0000},
	Date-Modified = {2013-11-05 09:36:30 +0000},
	Journal = {Protein Science},
	Number = {1},
	Pages = {24--36},
	Publisher = {Wiley Online Library},
	Title = {Effect of trehalose on protein structure},
	Volume = {18},
	Year = {2009},
	Bdsk-File-1 = {YnBsaXN0MDDUAQIDBAUGJCVYJHZlcnNpb25YJG9iamVjdHNZJGFyY2hpdmVyVCR0b3ASAAGGoKgHCBMUFRYaIVUkbnVsbNMJCgsMDxJXTlMua2V5c1pOUy5vYmplY3RzViRjbGFzc6INDoACgAOiEBGABIAFgAdccmVsYXRpdmVQYXRoWWFsaWFzRGF0YV8QSS4uLzAxIExpdGVyYXR1ci9KYWluIDIwMDkgLSBFZmZlY3Qgb2YgdHJlaGFsb3NlIG9uIHByb3RlaW4gc3RydWN0dXJlIC5wZGbSFwsYGVdOUy5kYXRhTxECiAAAAAACiAACAAALRnVzaW9uRHJpdmUAAAAAAAAAAAAAAAAAAAAAzpBcvEgrAAAABrIyH0phaW4gMjAwOSAtIEVmZmVjdCBvZiNCQzgwOC5wZGYAAAAAAAAAAAAAAAAAAAAAAAAAAAAAAAAAAAAAAAAAAAALyAjOnnpdAAAAAAAAAAAAAQACAAAJIAAAAAAAAAAAAAAAAAAAAAwwMSBMaXRlcmF0dXIAEAAIAADOkECcAAAAEQAIAADOnmxNAAAAAQAcAAayMgAGsjEADTq8AAZNHAAGIwkABiMIAAJkSgACAHtGdXNpb25Ecml2ZTpVc2VyczoAQ29ybmVsaWE6AERvY3VtZW50czoAU3R1ZGl1bToANy4gU2VtZXN0ZXI6AEJhY2hlbG9yYXJiZWl0OgAwMSBMaXRlcmF0dXI6AEphaW4gMjAwOSAtIEVmZmVjdCBvZiNCQzgwOC5wZGYAAA4AdAA5AEoAYQBpAG4AIAAyADAAMAA5ACAALQAgAEUAZgBmAGUAYwB0ACAAbwBmACAAdAByAGUAaABhAGwAbwBzAGUAIABvAG4AIABwAHIAbwB0AGUAaQBuACAAcwB0AHIAdQBjAHQAdQByAGUAIAAuAHAAZABmAA8AGAALAEYAdQBzAGkAbwBuAEQAcgBpAHYAZQASAIJVc2Vycy9Db3JuZWxpYS9Eb2N1bWVudHMvU3R1ZGl1bS83LiBTZW1lc3Rlci9CYWNoZWxvcmFyYmVpdC8wMSBMaXRlcmF0dXIvSmFpbiAyMDA5IC0gRWZmZWN0IG9mIHRyZWhhbG9zZSBvbiBwcm90ZWluIHN0cnVjdHVyZSAucGRmABMAAS8AABUAAgAP//8AAIAG0hscHR5aJGNsYXNzbmFtZVgkY2xhc3Nlc11OU011dGFibGVEYXRhox0fIFZOU0RhdGFYTlNPYmplY3TSGxwiI1xOU0RpY3Rpb25hcnmiIiBfEA9OU0tleWVkQXJjaGl2ZXLRJidUcm9vdIABAAgAEQAaACMALQAyADcAQABGAE0AVQBgAGcAagBsAG4AcQBzAHUAdwCEAI4A2gDfAOcDcwN1A3oDhQOOA5wDoAOnA7ADtQPCA8UD1wPaA98AAAAAAAACAQAAAAAAAAAoAAAAAAAAAAAAAAAAAAAD4Q==}}

@article{raymond1977adsorption,
	Author = {Raymond, James Anthony and DeVries, Arthur L},
	Date-Added = {2013-11-04 14:17:25 +0000},
	Date-Modified = {2013-11-04 14:17:25 +0000},
	Journal = {Proceedings of the National Academy of Sciences},
	Number = {6},
	Pages = {2589--2593},
	Publisher = {National Acad Sciences},
	Title = {Adsorption inhibition as a mechanism of freezing resistance in polar fishes},
	Volume = {74},
	Year = {1977},
	Bdsk-File-1 = {YnBsaXN0MDDUAQIDBAUGJCVYJHZlcnNpb25YJG9iamVjdHNZJGFyY2hpdmVyVCR0b3ASAAGGoKgHCBMUFRYaIVUkbnVsbNMJCgsMDxJXTlMua2V5c1pOUy5vYmplY3RzViRjbGFzc6INDoACgAOiEBGABIAFgAdccmVsYXRpdmVQYXRoWWFsaWFzRGF0YV8QXy4uLzAxIExpdGVyYXR1ci9SYXltb25kIDE5NzcgLSBBZHNvcnB0aW9uIGluaGliaXRpb24gYXMgYSBtZWNoYW5pc20gb2YgZnJlZXppbmcgcmVzaXN0YW5jZSAucGRm0hcLGBlXTlMuZGF0YU8RAsoAAAAAAsoAAgAAC0Z1c2lvbkRyaXZlAAAAAAAAAAAAAAAAAAAAAM6QXLxIKwAAAAayMh9SYXltb25kIDE5NzcgLSBBZHNvcnAjQjlCOEIucGRmAAAAAAAAAAAAAAAAAAAAAAAAAAAAAAAAAAAAAAAAAAAAC5uLzp1q9gAAAAAAAAAAAAEAAgAACSAAAAAAAAAAAAAAAAAAAAAMMDEgTGl0ZXJhdHVyABAACAAAzpBAnAAAABEACAAAzp1c5gAAAAEAHAAGsjIABrIxAA06vAAGTRwABiMJAAYjCAACZEoAAgB7RnVzaW9uRHJpdmU6VXNlcnM6AENvcm5lbGlhOgBEb2N1bWVudHM6AFN0dWRpdW06ADcuIFNlbWVzdGVyOgBCYWNoZWxvcmFyYmVpdDoAMDEgTGl0ZXJhdHVyOgBSYXltb25kIDE5NzcgLSBBZHNvcnAjQjlCOEIucGRmAAAOAKAATwBSAGEAeQBtAG8AbgBkACAAMQA5ADcANwAgAC0AIABBAGQAcwBvAHIAcAB0AGkAbwBuACAAaQBuAGgAaQBiAGkAdABpAG8AbgAgAGEAcwAgAGEAIABtAGUAYwBoAGEAbgBpAHMAbQAgAG8AZgAgAGYAcgBlAGUAegBpAG4AZwAgAHIAZQBzAGkAcwB0AGEAbgBjAGUAIAAuAHAAZABmAA8AGAALAEYAdQBzAGkAbwBuAEQAcgBpAHYAZQASAJhVc2Vycy9Db3JuZWxpYS9Eb2N1bWVudHMvU3R1ZGl1bS83LiBTZW1lc3Rlci9CYWNoZWxvcmFyYmVpdC8wMSBMaXRlcmF0dXIvUmF5bW9uZCAxOTc3IC0gQWRzb3JwdGlvbiBpbmhpYml0aW9uIGFzIGEgbWVjaGFuaXNtIG9mIGZyZWV6aW5nIHJlc2lzdGFuY2UgLnBkZgATAAEvAAAVAAIAD///AACABtIbHB0eWiRjbGFzc25hbWVYJGNsYXNzZXNdTlNNdXRhYmxlRGF0YaMdHyBWTlNEYXRhWE5TT2JqZWN00hscIiNcTlNEaWN0aW9uYXJ5oiIgXxAPTlNLZXllZEFyY2hpdmVy0SYnVHJvb3SAAQAIABEAGgAjAC0AMgA3AEAARgBNAFUAYABnAGoAbABuAHEAcwB1AHcAhACOAPAA9QD9A8sDzQPSA90D5gP0A/gD/wQIBA0EGgQdBC8EMgQ3AAAAAAAAAgEAAAAAAAAAKAAAAAAAAAAAAAAAAAAABDk=}}

@article{simatos1975physical,
	Author = {Simatos, D and Faure, M and Bonjour, E and Couach, M},
	Date-Added = {2013-11-04 08:37:15 +0000},
	Date-Modified = {2013-11-04 08:37:15 +0000},
	Journal = {Cryobiology},
	Number = {3},
	Pages = {202--208},
	Publisher = {Elsevier},
	Title = {The physical state of water at low temperatures in plasma with different water contents as studied by differential thermal analysis and differential scanning calorimetry},
	Volume = {12},
	Year = {1975},
	Bdsk-File-1 = {YnBsaXN0MDDUAQIDBAUGJCVYJHZlcnNpb25YJG9iamVjdHNZJGFyY2hpdmVyVCR0b3ASAAGGoKgHCBMUFRYaIVUkbnVsbNMJCgsMDxJXTlMua2V5c1pOUy5vYmplY3RzViRjbGFzc6INDoACgAOiEBGABIAFgAdccmVsYXRpdmVQYXRoWWFsaWFzRGF0YV8QXS4uLzAxIExpdGVyYXR1ci9TaW1hdG9zIDE5NzUgLSBUaGUgcGh5c2ljYWwgc3RhdGUgb2Ygd2F0ZXIgYXQgbG93IHRlbXBlcmF0dXJlcyBpbiBwbGFzbWEgLnBkZtIXCxgZV05TLmRhdGFPEQLEAAAAAALEAAIAAAtGdXNpb25Ecml2ZQAAAAAAAAAAAAAAAAAAAADOkFy8SCsAAAAGsjIfU2ltYXRvcyAxOTc1IC0gVGhlIHBoI0I1Mjg5LnBkZgAAAAAAAAAAAAAAAAAAAAAAAAAAAAAAAAAAAAAAAAAAAAtSic6dGzkAAAAAAAAAAAABAAIAAAkgAAAAAAAAAAAAAAAAAAAADDAxIExpdGVyYXR1cgAQAAgAAM6QQJwAAAARAAgAAM6dDSkAAAABABwABrIyAAayMQANOrwABk0cAAYjCQAGIwgAAmRKAAIAe0Z1c2lvbkRyaXZlOlVzZXJzOgBDb3JuZWxpYToARG9jdW1lbnRzOgBTdHVkaXVtOgA3LiBTZW1lc3RlcjoAQmFjaGVsb3JhcmJlaXQ6ADAxIExpdGVyYXR1cjoAU2ltYXRvcyAxOTc1IC0gVGhlIHBoI0I1Mjg5LnBkZgAADgCcAE0AUwBpAG0AYQB0AG8AcwAgADEAOQA3ADUAIAAtACAAVABoAGUAIABwAGgAeQBzAGkAYwBhAGwAIABzAHQAYQB0AGUAIABvAGYAIAB3AGEAdABlAHIAIABhAHQAIABsAG8AdwAgAHQAZQBtAHAAZQByAGEAdAB1AHIAZQBzACAAaQBuACAAcABsAGEAcwBtAGEAIAAuAHAAZABmAA8AGAALAEYAdQBzAGkAbwBuAEQAcgBpAHYAZQASAJZVc2Vycy9Db3JuZWxpYS9Eb2N1bWVudHMvU3R1ZGl1bS83LiBTZW1lc3Rlci9CYWNoZWxvcmFyYmVpdC8wMSBMaXRlcmF0dXIvU2ltYXRvcyAxOTc1IC0gVGhlIHBoeXNpY2FsIHN0YXRlIG9mIHdhdGVyIGF0IGxvdyB0ZW1wZXJhdHVyZXMgaW4gcGxhc21hIC5wZGYAEwABLwAAFQACAA///wAAgAbSGxwdHlokY2xhc3NuYW1lWCRjbGFzc2VzXU5TTXV0YWJsZURhdGGjHR8gVk5TRGF0YVhOU09iamVjdNIbHCIjXE5TRGljdGlvbmFyeaIiIF8QD05TS2V5ZWRBcmNoaXZlctEmJ1Ryb290gAEACAARABoAIwAtADIANwBAAEYATQBVAGAAZwBqAGwAbgBxAHMAdQB3AIQAjgDuAPMA+wPDA8UDygPVA94D7APwA/cEAAQFBBIEFQQnBCoELwAAAAAAAAIBAAAAAAAAACgAAAAAAAAAAAAAAAAAAAQx}}

@article{amornwittawat2009effects,
	Author = {Amornwittawat, Natapol and Wang, Sen and Banatlao, Joseph and Chung, Melody and Velasco, Efrain and Duman, John G and Wen, Xin},
	Date-Added = {2013-11-04 08:35:10 +0000},
	Date-Modified = {2013-11-04 08:35:10 +0000},
	Journal = {Biochimica et Biophysica Acta (BBA)-Proteins \& Proteomics},
	Number = {2},
	Pages = {341--346},
	Publisher = {Elsevier},
	Title = {Effects of polyhydroxy compounds on beetle antifreeze protein activity},
	Volume = {1794},
	Year = {2009},
	Bdsk-File-1 = {YnBsaXN0MDDUAQIDBAUGJCVYJHZlcnNpb25YJG9iamVjdHNZJGFyY2hpdmVyVCR0b3ASAAGGoKgHCBMUFRYaIVUkbnVsbNMJCgsMDxJXTlMua2V5c1pOUy5vYmplY3RzViRjbGFzc6INDoACgAOiEBGABIAFgAdccmVsYXRpdmVQYXRoWWFsaWFzRGF0YV8QXy4uLzAxIExpdGVyYXR1ci9BbW9ybndpdHRhd2F0IDIwMDkgLSBFZmZlY3RzIG9mIHBvbHloeWRyb3h5IGNvbXBvdW5kcyBvbiBiZWV0bGUgYW50aWZyZWV6ZSAucGRm0hcLGBlXTlMuZGF0YU8RAsoAAAAAAsoAAgAAC0Z1c2lvbkRyaXZlAAAAAAAAAAAAAAAAAAAAAM6QXLxIKwAAAAayMh9BbW9ybndpdHRhd2F0IDIwMDkgLSAjQjUyNDEucGRmAAAAAAAAAAAAAAAAAAAAAAAAAAAAAAAAAAAAAAAAAAAAC1JBzp0avAAAAAAAAAAAAAEAAgAACSAAAAAAAAAAAAAAAAAAAAAMMDEgTGl0ZXJhdHVyABAACAAAzpBAnAAAABEACAAAzp0MrAAAAAEAHAAGsjIABrIxAA06vAAGTRwABiMJAAYjCAACZEoAAgB7RnVzaW9uRHJpdmU6VXNlcnM6AENvcm5lbGlhOgBEb2N1bWVudHM6AFN0dWRpdW06ADcuIFNlbWVzdGVyOgBCYWNoZWxvcmFyYmVpdDoAMDEgTGl0ZXJhdHVyOgBBbW9ybndpdHRhd2F0IDIwMDkgLSAjQjUyNDEucGRmAAAOAKAATwBBAG0AbwByAG4AdwBpAHQAdABhAHcAYQB0ACAAMgAwADAAOQAgAC0AIABFAGYAZgBlAGMAdABzACAAbwBmACAAcABvAGwAeQBoAHkAZAByAG8AeAB5ACAAYwBvAG0AcABvAHUAbgBkAHMAIABvAG4AIABiAGUAZQB0AGwAZQAgAGEAbgB0AGkAZgByAGUAZQB6AGUAIAAuAHAAZABmAA8AGAALAEYAdQBzAGkAbwBuAEQAcgBpAHYAZQASAJhVc2Vycy9Db3JuZWxpYS9Eb2N1bWVudHMvU3R1ZGl1bS83LiBTZW1lc3Rlci9CYWNoZWxvcmFyYmVpdC8wMSBMaXRlcmF0dXIvQW1vcm53aXR0YXdhdCAyMDA5IC0gRWZmZWN0cyBvZiBwb2x5aHlkcm94eSBjb21wb3VuZHMgb24gYmVldGxlIGFudGlmcmVlemUgLnBkZgATAAEvAAAVAAIAD///AACABtIbHB0eWiRjbGFzc25hbWVYJGNsYXNzZXNdTlNNdXRhYmxlRGF0YaMdHyBWTlNEYXRhWE5TT2JqZWN00hscIiNcTlNEaWN0aW9uYXJ5oiIgXxAPTlNLZXllZEFyY2hpdmVy0SYnVHJvb3SAAQAIABEAGgAjAC0AMgA3AEAARgBNAFUAYABnAGoAbABuAHEAcwB1AHcAhACOAPAA9QD9A8sDzQPSA90D5gP0A/gD/wQIBA0EGgQdBC8EMgQ3AAAAAAAAAgEAAAAAAAAAKAAAAAAAAAAAAAAAAAAABDk=}}

@article{venketesh2008properties,
	Author = {Venketesh, S and Dayananda, C},
	Date-Added = {2013-11-04 08:30:28 +0000},
	Date-Modified = {2013-11-04 08:30:28 +0000},
	Journal = {Critical reviews in biotechnology},
	Number = {1},
	Pages = {57--82},
	Publisher = {Informa UK Ltd UK},
	Title = {Properties, potentials, and prospects of antifreeze proteins},
	Volume = {28},
	Year = {2008},
	Bdsk-File-1 = {YnBsaXN0MDDUAQIDBAUGJCVYJHZlcnNpb25YJG9iamVjdHNZJGFyY2hpdmVyVCR0b3ASAAGGoKgHCBMUFRYaIVUkbnVsbNMJCgsMDxJXTlMua2V5c1pOUy5vYmplY3RzViRjbGFzc6INDoACgAOiEBGABIAFgAdccmVsYXRpdmVQYXRoWWFsaWFzRGF0YV8QYi4uLzAxIExpdGVyYXR1ci9WZW5rZXRlc2ggMjAwOCAtIFByb3BlcnRpZXMsIHBvdGVudGlhbHMsIGFuZCBwcm9zcGVjdHMgb2YgYW50aWZyZWV6ZSBwcm90ZWlucyAucGRm0hcLGBlXTlMuZGF0YU8RAtQAAAAAAtQAAgAAC0Z1c2lvbkRyaXZlAAAAAAAAAAAAAAAAAAAAAM6QXLxIKwAAAAayMh9WZW5rZXRlc2ggMjAwOCAtIFByb3AjQjUxODUucGRmAAAAAAAAAAAAAAAAAAAAAAAAAAAAAAAAAAAAAAAAAAAAC1GFzp0ZqAAAAAAAAAAAAAEAAgAACSAAAAAAAAAAAAAAAAAAAAAMMDEgTGl0ZXJhdHVyABAACAAAzpBAnAAAABEACAAAzp0LmAAAAAEAHAAGsjIABrIxAA06vAAGTRwABiMJAAYjCAACZEoAAgB7RnVzaW9uRHJpdmU6VXNlcnM6AENvcm5lbGlhOgBEb2N1bWVudHM6AFN0dWRpdW06ADcuIFNlbWVzdGVyOgBCYWNoZWxvcmFyYmVpdDoAMDEgTGl0ZXJhdHVyOgBWZW5rZXRlc2ggMjAwOCAtIFByb3AjQjUxODUucGRmAAAOAKYAUgBWAGUAbgBrAGUAdABlAHMAaAAgADIAMAAwADgAIAAtACAAUAByAG8AcABlAHIAdABpAGUAcwAsACAAcABvAHQAZQBuAHQAaQBhAGwAcwAsACAAYQBuAGQAIABwAHIAbwBzAHAAZQBjAHQAcwAgAG8AZgAgAGEAbgB0AGkAZgByAGUAZQB6AGUAIABwAHIAbwB0AGUAaQBuAHMAIAAuAHAAZABmAA8AGAALAEYAdQBzAGkAbwBuAEQAcgBpAHYAZQASAJtVc2Vycy9Db3JuZWxpYS9Eb2N1bWVudHMvU3R1ZGl1bS83LiBTZW1lc3Rlci9CYWNoZWxvcmFyYmVpdC8wMSBMaXRlcmF0dXIvVmVua2V0ZXNoIDIwMDggLSBQcm9wZXJ0aWVzLCBwb3RlbnRpYWxzLCBhbmQgcHJvc3BlY3RzIG9mIGFudGlmcmVlemUgcHJvdGVpbnMgLnBkZgAAEwABLwAAFQACAA///wAAgAbSGxwdHlokY2xhc3NuYW1lWCRjbGFzc2VzXU5TTXV0YWJsZURhdGGjHR8gVk5TRGF0YVhOU09iamVjdNIbHCIjXE5TRGljdGlvbmFyeaIiIF8QD05TS2V5ZWRBcmNoaXZlctEmJ1Ryb290gAEACAARABoAIwAtADIANwBAAEYATQBVAGAAZwBqAGwAbgBxAHMAdQB3AIQAjgDzAPgBAAPYA9oD3wPqA/MEAQQFBAwEFQQaBCcEKgQ8BD8ERAAAAAAAAAIBAAAAAAAAACgAAAAAAAAAAAAAAAAAAARG}}

@article{kumagai1985dsc,
	Author = {Kumagai, Hitoshi and Nakamura, Kozo and Fujiwhara, Junichi},
	Date-Added = {2013-11-04 08:26:48 +0000},
	Date-Modified = {2013-11-04 08:26:48 +0000},
	Journal = {Agricultural and Biological Chemistry},
	Title = {DSC measurement of frozen water in liquid foods},
	Volume = {49},
	Year = {1985},
	Bdsk-File-1 = {YnBsaXN0MDDUAQIDBAUGJCVYJHZlcnNpb25YJG9iamVjdHNZJGFyY2hpdmVyVCR0b3ASAAGGoKgHCBMUFRYaIVUkbnVsbNMJCgsMDxJXTlMua2V5c1pOUy5vYmplY3RzViRjbGFzc6INDoACgAOiEBGABIAFgAdccmVsYXRpdmVQYXRoWWFsaWFzRGF0YV8QUy4uLzAxIExpdGVyYXR1ci9LdW1hZ2FpIDE5ODUgLSBEU0MgbWVhc3VyZW1lbnQgb2YgZnJvemVuIHdhdGVyIGluIGxpcXVpZCBmb29kcyAucGRm0hcLGBlXTlMuZGF0YU8RAqYAAAAAAqYAAgAAC0Z1c2lvbkRyaXZlAAAAAAAAAAAAAAAAAAAAAM6QXLxIKwAAAAayMh9LdW1hZ2FpIDE5ODUgLSBEU0MgbWUjQjUwQzAucGRmAAAAAAAAAAAAAAAAAAAAAAAAAAAAAAAAAAAAAAAAAAAAC1DAzp0YywAAAAAAAAAAAAEAAgAACSAAAAAAAAAAAAAAAAAAAAAMMDEgTGl0ZXJhdHVyABAACAAAzpBAnAAAABEACAAAzp0KuwAAAAEAHAAGsjIABrIxAA06vAAGTRwABiMJAAYjCAACZEoAAgB7RnVzaW9uRHJpdmU6VXNlcnM6AENvcm5lbGlhOgBEb2N1bWVudHM6AFN0dWRpdW06ADcuIFNlbWVzdGVyOgBCYWNoZWxvcmFyYmVpdDoAMDEgTGl0ZXJhdHVyOgBLdW1hZ2FpIDE5ODUgLSBEU0MgbWUjQjUwQzAucGRmAAAOAIgAQwBLAHUAbQBhAGcAYQBpACAAMQA5ADgANQAgAC0AIABEAFMAQwAgAG0AZQBhAHMAdQByAGUAbQBlAG4AdAAgAG8AZgAgAGYAcgBvAHoAZQBuACAAdwBhAHQAZQByACAAaQBuACAAbABpAHEAdQBpAGQAIABmAG8AbwBkAHMAIAAuAHAAZABmAA8AGAALAEYAdQBzAGkAbwBuAEQAcgBpAHYAZQASAIxVc2Vycy9Db3JuZWxpYS9Eb2N1bWVudHMvU3R1ZGl1bS83LiBTZW1lc3Rlci9CYWNoZWxvcmFyYmVpdC8wMSBMaXRlcmF0dXIvS3VtYWdhaSAxOTg1IC0gRFNDIG1lYXN1cmVtZW50IG9mIGZyb3plbiB3YXRlciBpbiBsaXF1aWQgZm9vZHMgLnBkZgATAAEvAAAVAAIAD///AACABtIbHB0eWiRjbGFzc25hbWVYJGNsYXNzZXNdTlNNdXRhYmxlRGF0YaMdHyBWTlNEYXRhWE5TT2JqZWN00hscIiNcTlNEaWN0aW9uYXJ5oiIgXxAPTlNLZXllZEFyY2hpdmVy0SYnVHJvb3SAAQAIABEAGgAjAC0AMgA3AEAARgBNAFUAYABnAGoAbABuAHEAcwB1AHcAhACOAOQA6QDxA5sDnQOiA60DtgPEA8gDzwPYA90D6gPtA/8EAgQHAAAAAAAAAgEAAAAAAAAAKAAAAAAAAAAAAAAAAAAABAk=}}

@article{herrera2007thermal,
	Author = {Herrera, Mar{\'\i}a L and M'Cann, Juan I and Ferrero, Cristina and Hagiwara, Tomoaki and Zaritzky, Noem{\'\i} E and Hartel, Richard W},
	Date-Added = {2013-11-04 08:21:55 +0000},
	Date-Modified = {2013-11-04 08:21:55 +0000},
	Journal = {Food Biophysics},
	Number = {1},
	Pages = {20--28},
	Publisher = {Springer},
	Title = {Thermal, mechanical, and molecular relaxation properties of frozen sucrose and fructose solutions containing hydrocolloids},
	Volume = {2},
	Year = {2007},
	Bdsk-File-1 = {YnBsaXN0MDDUAQIDBAUGJCVYJHZlcnNpb25YJG9iamVjdHNZJGFyY2hpdmVyVCR0b3ASAAGGoKgHCBMUFRYaIVUkbnVsbNMJCgsMDxJXTlMua2V5c1pOUy5vYmplY3RzViRjbGFzc6INDoACgAOiEBGABIAFgAdccmVsYXRpdmVQYXRoWWFsaWFzRGF0YV8QXC4uLzAxIExpdGVyYXR1ci9IZXJyZXJhIDIwMDcgLSBUaGVybWFsLCBtZWNoYW5pY2FsLCBhbmQgbW9sZWN1bGFyIHJlbGF4YXRpb24gcHJvcGVydGllcyAucGRm0hcLGBlXTlMuZGF0YU8RAsIAAAAAAsIAAgAAC0Z1c2lvbkRyaXZlAAAAAAAAAAAAAAAAAAAAAM6QXLxIKwAAAAayMh9IZXJyZXJhIDIwMDcgLSBUaGVybWEjQjUwMEEucGRmAAAAAAAAAAAAAAAAAAAAAAAAAAAAAAAAAAAAAAAAAAAAC1AKzp0XvgAAAAAAAAAAAAEAAgAACSAAAAAAAAAAAAAAAAAAAAAMMDEgTGl0ZXJhdHVyABAACAAAzpBAnAAAABEACAAAzp0JrgAAAAEAHAAGsjIABrIxAA06vAAGTRwABiMJAAYjCAACZEoAAgB7RnVzaW9uRHJpdmU6VXNlcnM6AENvcm5lbGlhOgBEb2N1bWVudHM6AFN0dWRpdW06ADcuIFNlbWVzdGVyOgBCYWNoZWxvcmFyYmVpdDoAMDEgTGl0ZXJhdHVyOgBIZXJyZXJhIDIwMDcgLSBUaGVybWEjQjUwMEEucGRmAAAOAJoATABIAGUAcgByAGUAcgBhACAAMgAwADAANwAgAC0AIABUAGgAZQByAG0AYQBsACwAIABtAGUAYwBoAGEAbgBpAGMAYQBsACwAIABhAG4AZAAgAG0AbwBsAGUAYwB1AGwAYQByACAAcgBlAGwAYQB4AGEAdABpAG8AbgAgAHAAcgBvAHAAZQByAHQAaQBlAHMAIAAuAHAAZABmAA8AGAALAEYAdQBzAGkAbwBuAEQAcgBpAHYAZQASAJVVc2Vycy9Db3JuZWxpYS9Eb2N1bWVudHMvU3R1ZGl1bS83LiBTZW1lc3Rlci9CYWNoZWxvcmFyYmVpdC8wMSBMaXRlcmF0dXIvSGVycmVyYSAyMDA3IC0gVGhlcm1hbCwgbWVjaGFuaWNhbCwgYW5kIG1vbGVjdWxhciByZWxheGF0aW9uIHByb3BlcnRpZXMgLnBkZgAAEwABLwAAFQACAA///wAAgAbSGxwdHlokY2xhc3NuYW1lWCRjbGFzc2VzXU5TTXV0YWJsZURhdGGjHR8gVk5TRGF0YVhOU09iamVjdNIbHCIjXE5TRGljdGlvbmFyeaIiIF8QD05TS2V5ZWRBcmNoaXZlctEmJ1Ryb290gAEACAARABoAIwAtADIANwBAAEYATQBVAGAAZwBqAGwAbgBxAHMAdQB3AIQAjgDtAPIA+gPAA8IDxwPSA9sD6QPtA/QD/QQCBA8EEgQkBCcELAAAAAAAAAIBAAAAAAAAACgAAAAAAAAAAAAAAAAAAAQu}}

@article{hagiwara2006relationship,
	Author = {Hagiwara, Tomoaki and Hartel, Richard W and Matsukawa, Shingo},
	Date-Added = {2013-11-04 08:18:57 +0000},
	Date-Modified = {2013-11-04 08:18:57 +0000},
	Journal = {Food Biophysics},
	Number = {2},
	Pages = {74--82},
	Publisher = {Springer},
	Title = {Relationship between recrystallization rate of ice crystals in sugar solutions and water mobility in freeze-concentrated matrix},
	Volume = {1},
	Year = {2006},
	Bdsk-File-1 = {YnBsaXN0MDDUAQIDBAUGJCVYJHZlcnNpb25YJG9iamVjdHNZJGFyY2hpdmVyVCR0b3ASAAGGoKgHCBMUFRYaIVUkbnVsbNMJCgsMDxJXTlMua2V5c1pOUy5vYmplY3RzViRjbGFzc6INDoACgAOiEBGABIAFgAdccmVsYXRpdmVQYXRoWWFsaWFzRGF0YV8QYC4uLzAxIExpdGVyYXR1ci9IYWdpd2FyYSAyMDA2IC0gUmVsYXRpb25zaGlwIGJldHdlZW4gcmVjcnlzdGFsbGl6YXRpb24gcmF0ZSBvZiBpY2UgY3J5c3RhbHMgLnBkZtIXCxgZV05TLmRhdGFPEQLOAAAAAALOAAIAAAtGdXNpb25Ecml2ZQAAAAAAAAAAAAAAAAAAAADOkFy8SCsAAAAGsjIfSGFnaXdhcmEgMjAwNiAtIFJlbGF0I0I0RjRGLnBkZgAAAAAAAAAAAAAAAAAAAAAAAAAAAAAAAAAAAAAAAAAAAAtPT86dFsAAAAAAAAAAAAABAAIAAAkgAAAAAAAAAAAAAAAAAAAADDAxIExpdGVyYXR1cgAQAAgAAM6QQJwAAAARAAgAAM6dCLAAAAABABwABrIyAAayMQANOrwABk0cAAYjCQAGIwgAAmRKAAIAe0Z1c2lvbkRyaXZlOlVzZXJzOgBDb3JuZWxpYToARG9jdW1lbnRzOgBTdHVkaXVtOgA3LiBTZW1lc3RlcjoAQmFjaGVsb3JhcmJlaXQ6ADAxIExpdGVyYXR1cjoASGFnaXdhcmEgMjAwNiAtIFJlbGF0I0I0RjRGLnBkZgAADgCiAFAASABhAGcAaQB3AGEAcgBhACAAMgAwADAANgAgAC0AIABSAGUAbABhAHQAaQBvAG4AcwBoAGkAcAAgAGIAZQB0AHcAZQBlAG4AIAByAGUAYwByAHkAcwB0AGEAbABsAGkAegBhAHQAaQBvAG4AIAByAGEAdABlACAAbwBmACAAaQBjAGUAIABjAHIAeQBzAHQAYQBsAHMAIAAuAHAAZABmAA8AGAALAEYAdQBzAGkAbwBuAEQAcgBpAHYAZQASAJlVc2Vycy9Db3JuZWxpYS9Eb2N1bWVudHMvU3R1ZGl1bS83LiBTZW1lc3Rlci9CYWNoZWxvcmFyYmVpdC8wMSBMaXRlcmF0dXIvSGFnaXdhcmEgMjAwNiAtIFJlbGF0aW9uc2hpcCBiZXR3ZWVuIHJlY3J5c3RhbGxpemF0aW9uIHJhdGUgb2YgaWNlIGNyeXN0YWxzIC5wZGYAABMAAS8AABUAAgAP//8AAIAG0hscHR5aJGNsYXNzbmFtZVgkY2xhc3Nlc11OU011dGFibGVEYXRhox0fIFZOU0RhdGFYTlNPYmplY3TSGxwiI1xOU0RpY3Rpb25hcnmiIiBfEA9OU0tleWVkQXJjaGl2ZXLRJidUcm9vdIABAAgAEQAaACMALQAyADcAQABGAE0AVQBgAGcAagBsAG4AcQBzAHUAdwCEAI4A8QD2AP4D0APSA9cD4gPrA/kD/QQEBA0EEgQfBCIENAQ3BDwAAAAAAAACAQAAAAAAAAAoAAAAAAAAAAAAAAAAAAAEPg==}}

@article{doi:10.1081/FRI-100100289,
	Author = {ADAPA, S. and SCHMIDT, K. A. and JEON, I. J. and HERALD, T. J. and FLORES, R. A.},
	Date-Added = {2013-10-28 17:17:34 +0000},
	Date-Modified = {2013-10-28 17:17:34 +0000},
	Doi = {10.1081/FRI-100100289},
	Eprint = {http://www.tandfonline.com/doi/pdf/10.1081/FRI-100100289},
	Journal = {Food Reviews International},
	Number = {3},
	Pages = {259-271},
	Title = {MECHANISMS OF ICE CRYSTALLIZATION AND RECRYSTALLIZATION IN ICE CREAM: A REVIEW},
	Url = {http://www.tandfonline.com/doi/abs/10.1081/FRI-100100289},
	Volume = {16},
	Year = {2000},
	Bdsk-File-1 = {YnBsaXN0MDDUAQIDBAUGJCVYJHZlcnNpb25YJG9iamVjdHNZJGFyY2hpdmVyVCR0b3ASAAGGoKgHCBMUFRYaIVUkbnVsbNMJCgsMDxJXTlMua2V5c1pOUy5vYmplY3RzViRjbGFzc6INDoACgAOiEBGABIAFgAdccmVsYXRpdmVQYXRoWWFsaWFzRGF0YV8Qby4uLzAxIExpdGVyYXR1ci9BREFQQSAyMDAwIC0gTUVDSEFOSVNNUyBPRiBJQ0UgQ1JZU1RBTExJWkFUSU9OIEFORCBSRUNSWVNUQUxMSVpBVElPTiBJTiBJQ0UgQ1JFQU0gQSBSRVZJRVcgLnBkZtIXCxgZV05TLmRhdGFPEQL6AAAAAAL6AAIAAAtGdXNpb25Ecml2ZQAAAAAAAAAAAAAAAAAAAADOkFy8SCsAAAAGsjIfQURBUEEgMjAwMCAtIE1FQ0hBTklTIzZCMjNCLnBkZgAAAAAAAAAAAAAAAAAAAAAAAAAAAAAAAAAAAAAAAAAAAAayO84mpz4AAAAAAAAAAAABAAIAAAkgAAAAAAAAAAAAAAAAAAAADDAxIExpdGVyYXR1cgAQAAgAAM6QQJwAAAARAAgAAM4mix4AAAABABwABrIyAAayMQANOrwABk0cAAYjCQAGIwgAAmRKAAIAe0Z1c2lvbkRyaXZlOlVzZXJzOgBDb3JuZWxpYToARG9jdW1lbnRzOgBTdHVkaXVtOgA3LiBTZW1lc3RlcjoAQmFjaGVsb3JhcmJlaXQ6ADAxIExpdGVyYXR1cjoAQURBUEEgMjAwMCAtIE1FQ0hBTklTIzZCMjNCLnBkZgAADgDAAF8AQQBEAEEAUABBACAAMgAwADAAMAAgAC0AIABNAEUAQwBIAEEATgBJAFMATQBTACAATwBGACAASQBDAEUAIABDAFIAWQBTAFQAQQBMAEwASQBaAEEAVABJAE8ATgAgAEEATgBEACAAUgBFAEMAUgBZAFMAVABBAEwATABJAFoAQQBUAEkATwBOACAASQBOACAASQBDAEUAIABDAFIARQBBAE0AIABBACAAUgBFAFYASQBFAFcAIAAuAHAAZABmAA8AGAALAEYAdQBzAGkAbwBuAEQAcgBpAHYAZQASAKhVc2Vycy9Db3JuZWxpYS9Eb2N1bWVudHMvU3R1ZGl1bS83LiBTZW1lc3Rlci9CYWNoZWxvcmFyYmVpdC8wMSBMaXRlcmF0dXIvQURBUEEgMjAwMCAtIE1FQ0hBTklTTVMgT0YgSUNFIENSWVNUQUxMSVpBVElPTiBBTkQgUkVDUllTVEFMTElaQVRJT04gSU4gSUNFIENSRUFNIEEgUkVWSUVXIC5wZGYAEwABLwAAFQACAA///wAAgAbSGxwdHlokY2xhc3NuYW1lWCRjbGFzc2VzXU5TTXV0YWJsZURhdGGjHR8gVk5TRGF0YVhOU09iamVjdNIbHCIjXE5TRGljdGlvbmFyeaIiIF8QD05TS2V5ZWRBcmNoaXZlctEmJ1Ryb290gAEACAARABoAIwAtADIANwBAAEYATQBVAGAAZwBqAGwAbgBxAHMAdQB3AIQAjgEAAQUBDQQLBA0EEgQdBCYENAQ4BD8ESARNBFoEXQRvBHIEdwAAAAAAAAIBAAAAAAAAACgAAAAAAAAAAAAAAAAAAAR5},
	Bdsk-Url-1 = {http://www.tandfonline.com/doi/abs/10.1081/FRI-100100289},
	Bdsk-Url-2 = {http://dx.doi.org/10.1081/FRI-100100289}}

@article{Regand200395,
	Author = {Alejandra Regand and H.Douglas Goff},
	Date-Added = {2013-10-28 17:12:06 +0000},
	Date-Modified = {2013-10-28 17:12:06 +0000},
	Doi = {http://dx.doi.org/10.1016/S0268-005X(02)00042-5},
	Issn = {0268-005X},
	Journal = {Food Hydrocolloids},
	Keywords = {Fluorescence microscopy},
	Number = {1},
	Pages = {95 - 102},
	Title = {Structure and ice recrystallization in frozen stabilized ice cream model systems},
	Url = {http://www.sciencedirect.com/science/article/pii/S0268005X02000425},
	Volume = {17},
	Year = {2003},
	Bdsk-File-1 = {YnBsaXN0MDDUAQIDBAUGJCVYJHZlcnNpb25YJG9iamVjdHNZJGFyY2hpdmVyVCR0b3ASAAGGoKgHCBMUFRYaIVUkbnVsbNMJCgsMDxJXTlMua2V5c1pOUy5vYmplY3RzViRjbGFzc6INDoACgAOiEBGABIAFgAdccmVsYXRpdmVQYXRoWWFsaWFzRGF0YV8QZS4uLzAxIExpdGVyYXR1ci9SZWdhbmQgMjAwMyAtIFN0cnVjdHVyZSBhbmQgaWNlIHJlY3J5c3RhbGxpemF0aW9uIGluIGZyb3plbiBzdGFiaWxpemVkIGljZSBjcmVhbSAucGRm0hcLGBlXTlMuZGF0YU8RAtwAAAAAAtwAAgAAC0Z1c2lvbkRyaXZlAAAAAAAAAAAAAAAAAAAAAM6QXLxIKwAAAAayMh9SZWdhbmQgMjAwMyAtIFN0cnVjdHUjQjkxNkMucGRmAAAAAAAAAAAAAAAAAAAAAAAAAAAAAAAAAAAAAAAAAAAAC5FsxQaqLAAAAAAAAAAAAAEAAgAACSAAAAAAAAAAAAAAAAAAAAAMMDEgTGl0ZXJhdHVyABAACAAAzpBAnAAAABEACAAAxQaODAAAAAEAHAAGsjIABrIxAA06vAAGTRwABiMJAAYjCAACZEoAAgB7RnVzaW9uRHJpdmU6VXNlcnM6AENvcm5lbGlhOgBEb2N1bWVudHM6AFN0dWRpdW06ADcuIFNlbWVzdGVyOgBCYWNoZWxvcmFyYmVpdDoAMDEgTGl0ZXJhdHVyOgBSZWdhbmQgMjAwMyAtIFN0cnVjdHUjQjkxNkMucGRmAAAOAKwAVQBSAGUAZwBhAG4AZAAgADIAMAAwADMAIAAtACAAUwB0AHIAdQBjAHQAdQByAGUAIABhAG4AZAAgAGkAYwBlACAAcgBlAGMAcgB5AHMAdABhAGwAbABpAHoAYQB0AGkAbwBuACAAaQBuACAAZgByAG8AegBlAG4AIABzAHQAYQBiAGkAbABpAHoAZQBkACAAaQBjAGUAIABjAHIAZQBhAG0AIAAuAHAAZABmAA8AGAALAEYAdQBzAGkAbwBuAEQAcgBpAHYAZQASAJ5Vc2Vycy9Db3JuZWxpYS9Eb2N1bWVudHMvU3R1ZGl1bS83LiBTZW1lc3Rlci9CYWNoZWxvcmFyYmVpdC8wMSBMaXRlcmF0dXIvUmVnYW5kIDIwMDMgLSBTdHJ1Y3R1cmUgYW5kIGljZSByZWNyeXN0YWxsaXphdGlvbiBpbiBmcm96ZW4gc3RhYmlsaXplZCBpY2UgY3JlYW0gLnBkZgATAAEvAAAVAAIAD///AACABtIbHB0eWiRjbGFzc25hbWVYJGNsYXNzZXNdTlNNdXRhYmxlRGF0YaMdHyBWTlNEYXRhWE5TT2JqZWN00hscIiNcTlNEaWN0aW9uYXJ5oiIgXxAPTlNLZXllZEFyY2hpdmVy0SYnVHJvb3SAAQAIABEAGgAjAC0AMgA3AEAARgBNAFUAYABnAGoAbABuAHEAcwB1AHcAhACOAPYA+wEDA+MD5QPqA/UD/gQMBBAEFwQgBCUEMgQ1BEcESgRPAAAAAAAAAgEAAAAAAAAAKAAAAAAAAAAAAAAAAAAABFE=},
	Bdsk-Url-1 = {http://www.sciencedirect.com/science/article/pii/S0268005X02000425},
	Bdsk-Url-2 = {http://dx.doi.org/10.1016/S0268-005X(02)00042-5}}

@book{gaukel2004untersuchungen,
	Author = {Gaukel, Volker},
	Date-Added = {2013-10-28 17:07:30 +0000},
	Date-Modified = {2013-10-28 17:07:30 +0000},
	Publisher = {GCA},
	Title = {Untersuchungen zum Einfluss von Antigefrierproteinen auf die Rekristallisation von Eis w{\"a}hrend der Gefrierlagerung, dargestellt an Modelll{\"o}sungen f{\"u}r Eiskrem},
	Year = {2004},
	Bdsk-File-1 = {YnBsaXN0MDDUAQIDBAUGJCVYJHZlcnNpb25YJG9iamVjdHNZJGFyY2hpdmVyVCR0b3ASAAGGoKgHCBMUFRYaIVUkbnVsbNMJCgsMDxJXTlMua2V5c1pOUy5vYmplY3RzViRjbGFzc6INDoACgAOiEBGABIAFgAdccmVsYXRpdmVQYXRoWWFsaWFzRGF0YW8QggAuAC4ALwAwADEAIABMAGkAdABlAHIAYQB0AHUAcgAvAEcAYQB1AGsAZQBsACAAMgAwADAANAAgAC0AIABVAG4AdABlAHIAcwB1AGMAaAB1AG4AZwBlAG4AIAB6AHUAbQAgAEUAaQBuAGYAbAB1AHMAcwAgAHYAbwBuACAAQQBuAHQAaQBnAGUAZgByAGkAZQByAHAAcgBvAHQAZQBpAG4AZQBuACAAYQB1AGYAIABkAGkAZQAgAFIAZQBrAHIAaQBzAHQAYQBsAGwAaQBzAGEAdABpAG8AbgAgAHYAbwBuACAARQBpAHMAIAB3AGEDCABoAHIAZQBuAGQAIAAuAHAAZABm0hcLGBlXTlMuZGF0YU8RAzQAAAAAAzQAAgAAC0Z1c2lvbkRyaXZlAAAAAAAAAAAAAAAAAAAAAM6QXLxIKwAAAAayMh9HYXVrZWwgMjAwNCAtIFVudGVyc3UjNkIyQUUucGRmAAAAAAAAAAAAAAAAAAAAAAAAAAAAAAAAAAAAAAAAAAAABrKuvSMjVgAAAAAAAAAAAAEAAgAACSAAAAAAAAAAAAAAAAAAAAAMMDEgTGl0ZXJhdHVyABAACAAAzpBAnAAAABEACAAAvSMHNgAAAAEAHAAGsjIABrIxAA06vAAGTRwABiMJAAYjCAACZEoAAgB7RnVzaW9uRHJpdmU6VXNlcnM6AENvcm5lbGlhOgBEb2N1bWVudHM6AFN0dWRpdW06ADcuIFNlbWVzdGVyOgBCYWNoZWxvcmFyYmVpdDoAMDEgTGl0ZXJhdHVyOgBHYXVrZWwgMjAwNCAtIFVudGVyc3UjNkIyQUUucGRmAAAOAOYAcgBHAGEAdQBrAGUAbAAgADIAMAAwADQAIAAtACAAVQBuAHQAZQByAHMAdQBjAGgAdQBuAGcAZQBuACAAegB1AG0AIABFAGkAbgBmAGwAdQBzAHMAIAB2AG8AbgAgAEEAbgB0AGkAZwBlAGYAcgBpAGUAcgBwAHIAbwB0AGUAaQBuAGUAbgAgAGEAdQBmACAAZABpAGUAIABSAGUAawByAGkAcwB0AGEAbABsAGkAcwBhAHQAaQBvAG4AIAB2AG8AbgAgAEUAaQBzACAAdwBhAwgAaAByAGUAbgBkACAALgBwAGQAZgAPABgACwBGAHUAcwBpAG8AbgBEAHIAaQB2AGUAEgC8VXNlcnMvQ29ybmVsaWEvRG9jdW1lbnRzL1N0dWRpdW0vNy4gU2VtZXN0ZXIvQmFjaGVsb3JhcmJlaXQvMDEgTGl0ZXJhdHVyL0dhdWtlbCAyMDA0IC0gVW50ZXJzdWNodW5nZW4genVtIEVpbmZsdXNzIHZvbiBBbnRpZ2VmcmllcnByb3RlaW5lbiBhdWYgZGllIFJla3Jpc3RhbGxpc2F0aW9uIHZvbiBFaXMgd2HMiGhyZW5kIC5wZGYAEwABLwAAFQACAA///wAAgAbSGxwdHlokY2xhc3NuYW1lWCRjbGFzc2VzXU5TTXV0YWJsZURhdGGjHR8gVk5TRGF0YVhOU09iamVjdNIbHCIjXE5TRGljdGlvbmFyeaIiIF8QD05TS2V5ZWRBcmNoaXZlctEmJ1Ryb290gAEACAARABoAIwAtADIANwBAAEYATQBVAGAAZwBqAGwAbgBxAHMAdQB3AIQAjgGVAZoBogTaBNwE4QTsBPUFAwUHBQ4FFwUcBSkFLAU+BUEFRgAAAAAAAAIBAAAAAAAAACgAAAAAAAAAAAAAAAAAAAVI}}

@article{gaukel2004einfluss,
	Author = {Gaukel, Volker and Spie{\ss}, Walter EL},
	Date-Added = {2013-10-28 16:17:26 +0000},
	Date-Modified = {2013-10-28 16:17:26 +0000},
	Journal = {Chemie Ingenieur Technik},
	Number = {4},
	Pages = {454--458},
	Publisher = {Wiley Online Library},
	Title = {Einfluss von Antigefrierproteinen auf die Rekristallisation von Eis in Modelll{\"o}sungen f{\"u}r Eiskrem},
	Volume = {76},
	Year = {2004},
	Bdsk-File-1 = {YnBsaXN0MDDUAQIDBAUGJCVYJHZlcnNpb25YJG9iamVjdHNZJGFyY2hpdmVyVCR0b3ASAAGGoKgHCBMUFRYaIVUkbnVsbNMJCgsMDxJXTlMua2V5c1pOUy5vYmplY3RzViRjbGFzc6INDoACgAOiEBGABIAFgAdccmVsYXRpdmVQYXRoWWFsaWFzRGF0YW8QggAuAC4ALwAwADEAIABMAGkAdABlAHIAYQB0AHUAcgAvAEcAYQB1AGsAZQBsACAAMgAwADAANAAgAC0AIABVAG4AdABlAHIAcwB1AGMAaAB1AG4AZwBlAG4AIAB6AHUAbQAgAEUAaQBuAGYAbAB1AHMAcwAgAHYAbwBuACAAQQBuAHQAaQBnAGUAZgByAGkAZQByAHAAcgBvAHQAZQBpAG4AZQBuACAAYQB1AGYAIABkAGkAZQAgAFIAZQBrAHIAaQBzAHQAYQBsAGwAaQBzAGEAdABpAG8AbgAgAHYAbwBuACAARQBpAHMAIAB3AGEDCABoAHIAZQBuAGQAIAAuAHAAZABm0hcLGBlXTlMuZGF0YU8RAzQAAAAAAzQAAgAAC0Z1c2lvbkRyaXZlAAAAAAAAAAAAAAAAAAAAAM6QXLxIKwAAAAayMh9HYXVrZWwgMjAwNCAtIFVudGVyc3UjNkIyQUUucGRmAAAAAAAAAAAAAAAAAAAAAAAAAAAAAAAAAAAAAAAAAAAABrKuvSMjVgAAAAAAAAAAAAEAAgAACSAAAAAAAAAAAAAAAAAAAAAMMDEgTGl0ZXJhdHVyABAACAAAzpBAnAAAABEACAAAvSMHNgAAAAEAHAAGsjIABrIxAA06vAAGTRwABiMJAAYjCAACZEoAAgB7RnVzaW9uRHJpdmU6VXNlcnM6AENvcm5lbGlhOgBEb2N1bWVudHM6AFN0dWRpdW06ADcuIFNlbWVzdGVyOgBCYWNoZWxvcmFyYmVpdDoAMDEgTGl0ZXJhdHVyOgBHYXVrZWwgMjAwNCAtIFVudGVyc3UjNkIyQUUucGRmAAAOAOYAcgBHAGEAdQBrAGUAbAAgADIAMAAwADQAIAAtACAAVQBuAHQAZQByAHMAdQBjAGgAdQBuAGcAZQBuACAAegB1AG0AIABFAGkAbgBmAGwAdQBzAHMAIAB2AG8AbgAgAEEAbgB0AGkAZwBlAGYAcgBpAGUAcgBwAHIAbwB0AGUAaQBuAGUAbgAgAGEAdQBmACAAZABpAGUAIABSAGUAawByAGkAcwB0AGEAbABsAGkAcwBhAHQAaQBvAG4AIAB2AG8AbgAgAEUAaQBzACAAdwBhAwgAaAByAGUAbgBkACAALgBwAGQAZgAPABgACwBGAHUAcwBpAG8AbgBEAHIAaQB2AGUAEgC8VXNlcnMvQ29ybmVsaWEvRG9jdW1lbnRzL1N0dWRpdW0vNy4gU2VtZXN0ZXIvQmFjaGVsb3JhcmJlaXQvMDEgTGl0ZXJhdHVyL0dhdWtlbCAyMDA0IC0gVW50ZXJzdWNodW5nZW4genVtIEVpbmZsdXNzIHZvbiBBbnRpZ2VmcmllcnByb3RlaW5lbiBhdWYgZGllIFJla3Jpc3RhbGxpc2F0aW9uIHZvbiBFaXMgd2HMiGhyZW5kIC5wZGYAEwABLwAAFQACAA///wAAgAbSGxwdHlokY2xhc3NuYW1lWCRjbGFzc2VzXU5TTXV0YWJsZURhdGGjHR8gVk5TRGF0YVhOU09iamVjdNIbHCIjXE5TRGljdGlvbmFyeaIiIF8QD05TS2V5ZWRBcmNoaXZlctEmJ1Ryb290gAEACAARABoAIwAtADIANwBAAEYATQBVAGAAZwBqAGwAbgBxAHMAdQB3AIQAjgGVAZoBogTaBNwE4QTsBPUFAwUHBQ4FFwUcBSkFLAU+BUEFRgAAAAAAAAIBAAAAAAAAACgAAAAAAAAAAAAAAAAAAAVI},
	Bdsk-File-2 = {YnBsaXN0MDDUAQIDBAUGJCVYJHZlcnNpb25YJG9iamVjdHNZJGFyY2hpdmVyVCR0b3ASAAGGoKgHCBMUFRYaIVUkbnVsbNMJCgsMDxJXTlMua2V5c1pOUy5vYmplY3RzViRjbGFzc6INDoACgAOiEBGABIAFgAdccmVsYXRpdmVQYXRoWWFsaWFzRGF0YW8QhwAuAC4ALwAwADEAIABMAGkAdABlAHIAYQB0AHUAcgAvAEcAYQB1AGsAZQBsACAAMgAwADAANAAgAC0AIABFAGkAbgBmAGwAdQBzAHMAIAB2AG8AbgAgAEEAbgB0AGkAZwBlAGYAcgBpAGUAcgBwAHIAbwB0AGUAaQBuAGUAbgAgAGEAdQBmACAAZABpAGUAIABSAGUAawByAGkAcwB0AGEAbABsAGkAcwBhAHQAaQBvAG4AIAB2AG8AbgAgAEUAaQBzACAAaQBuACAATQBvAGQAZQBsAGwAbABvAwgAcwB1AG4AZwBlAG4AIABmAHUDCAByACAARQBpAHMAawByAGUAbQAgADAALgBwAGQAZtIXCxgZV05TLmRhdGFPEQNEAAAAAANEAAIAAAtGdXNpb25Ecml2ZQAAAAAAAAAAAAAAAAAAAADOkFy8SCsAAAAGsjIfR2F1a2VsIDIwMDQgLSBFaW5mbHVzIzZCMjhCLnBkZgAAAAAAAAAAAAAAAAAAAAAAAAAAAAAAAAAAAAAAAAAAAAayi86MD+AAAAAAAAAAAAABAAIAAAkgAAAAAAAAAAAAAAAAAAAADDAxIExpdGVyYXR1cgAQAAgAAM6QQJwAAAARAAgAAM6L88AAAAABABwABrIyAAayMQANOrwABk0cAAYjCQAGIwgAAmRKAAIAe0Z1c2lvbkRyaXZlOlVzZXJzOgBDb3JuZWxpYToARG9jdW1lbnRzOgBTdHVkaXVtOgA3LiBTZW1lc3RlcjoAQmFjaGVsb3JhcmJlaXQ6ADAxIExpdGVyYXR1cjoAR2F1a2VsIDIwMDQgLSBFaW5mbHVzIzZCMjhCLnBkZgAADgDwAHcARwBhAHUAawBlAGwAIAAyADAAMAA0ACAALQAgAEUAaQBuAGYAbAB1AHMAcwAgAHYAbwBuACAAQQBuAHQAaQBnAGUAZgByAGkAZQByAHAAcgBvAHQAZQBpAG4AZQBuACAAYQB1AGYAIABkAGkAZQAgAFIAZQBrAHIAaQBzAHQAYQBsAGwAaQBzAGEAdABpAG8AbgAgAHYAbwBuACAARQBpAHMAIABpAG4AIABNAG8AZABlAGwAbABsAG8DCABzAHUAbgBnAGUAbgAgAGYAdQMIAHIAIABFAGkAcwBrAHIAZQBtACAAMAAuAHAAZABmAA8AGAALAEYAdQBzAGkAbwBuAEQAcgBpAHYAZQASAMJVc2Vycy9Db3JuZWxpYS9Eb2N1bWVudHMvU3R1ZGl1bS83LiBTZW1lc3Rlci9CYWNoZWxvcmFyYmVpdC8wMSBMaXRlcmF0dXIvR2F1a2VsIDIwMDQgLSBFaW5mbHVzcyB2b24gQW50aWdlZnJpZXJwcm90ZWluZW4gYXVmIGRpZSBSZWtyaXN0YWxsaXNhdGlvbiB2b24gRWlzIGluIE1vZGVsbGxvzIhzdW5nZW4gZnXMiHIgRWlza3JlbSAwLnBkZgATAAEvAAAVAAIAD///AACABtIbHB0eWiRjbGFzc25hbWVYJGNsYXNzZXNdTlNNdXRhYmxlRGF0YaMdHyBWTlNEYXRhWE5TT2JqZWN00hscIiNcTlNEaWN0aW9uYXJ5oiIgXxAPTlNLZXllZEFyY2hpdmVy0SYnVHJvb3SAAQAIABEAGgAjAC0AMgA3AEAARgBNAFUAYABnAGoAbABuAHEAcwB1AHcAhACOAZ8BpAGsBPQE9gT7BQYFDwUdBSEFKAUxBTYFQwVGBVgFWwVgAAAAAAAAAgEAAAAAAAAAKAAAAAAAAAAAAAAAAAAABWI=}}

@book{kurzhals2007kuhlen,
	Author = {Kurzhals, Hans-Albert},
	Date-Added = {2013-10-26 16:28:48 +0000},
	Date-Modified = {2013-10-26 16:28:48 +0000},
	Publisher = {Behr's Verlag DE},
	Title = {K{\"u}hlen und Gefrieren von Lebensmitteln},
	Volume = {1},
	Year = {2007}}
